@inproceedings{yang2016hierarchical,
  title={Hierarchical attention networks for document classification},
  author={Yang, Zichao and Yang, Diyi and Dyer, Chris and He, Xiaodong and Smola, Alex and Hovy, Eduard},
  booktitle={Proceedings of the 2016 Conference of the North American Chapter of the Association for Computational Linguistics: Human Language Technologies},
  pages={1480--1489},
  year={2016}
}
@incollection{caruana1998multitask,
  title={Multitask learning},
  author={Caruana, Rich},
  booktitle={Learning to learn},
  pages={95--133},
  year={1998},
  publisher={Springer}
}


@inproceedings{caruanamultitask,
  title={Multitask learning: A knowledge-based source of inductive bias1},
  author={Caruana, R},
  booktitle={Proceedings of the Tenth International Conference on Machine Learning},
  pages={41--48},
  organization={Citeseer}
}
